@inproceedings{meswani2015heterogeneous,
  title={Heterogeneous memory architectures: A hw/sw approach for mixing die-stacked and off-package memories},
  author={Meswani, Mitesh R and Blagodurov, Sergey and Roberts, David and Slice, John and Ignatowski, Mike and Loh, Gabriel H},
  booktitle={High Performance Computer Architecture (HPCA), 2015 IEEE 21st International Symposium on},
  pages={126--136},
  year={2015},
  organization={IEEE}
}

@article{qureshi2009scalable,
  title={Scalable high performance main memory system using phase-change memory technology},
  author={Qureshi, Moinuddin K and Srinivasan, Vijayalakshmi and Rivers, Jude A},
  journal={ACM SIGARCH Computer Architecture News},
  volume={37},
  number={3},
  pages={24--33},
  year={2009},
  publisher={ACM}
}

@inproceedings{seok2011migration,
  title={Migration based page caching algorithm for a hybrid main memory of DRAM and PRAM},
  author={Seok, Hyunchul and Park, Youngwoo and Park, Kyu Ho},
  booktitle={Proceedings of the 2011 ACM Symposium on Applied Computing},
  pages={595--599},
  year={2011},
  organization={ACM}
}

@inproceedings{dhiman2009pdram,
  title={PDRAM: a hybrid PRAM and DRAM main memory system},
  author={Dhiman, Gaurav and Ayoub, Raid and Rosing, Tajana},
  booktitle={Design Automation Conference, 2009. DAC'09. 46th ACM/IEEE},
  pages={664--669},
  year={2009},
  organization={IEEE}
}

@inproceedings{mogul2009operating,
  title={Operating System Support for NVM+ DRAM Hybrid Main Memory.},
  author={Mogul, Jeffrey C and Argollo, Eduardo and Shah, Mehul A and Faraboschi, Paolo},
  booktitle={HotOS},
  year={2009}
}

@article{lee2009architecting,
  title={Architecting phase change memory as a scalable dram alternative},
  author={Lee, Benjamin C and Ipek, Engin and Mutlu, Onur and Burger, Doug},
  journal={ACM SIGARCH Computer Architecture News},
  volume={37},
  number={3},
  pages={2--13},
  year={2009},
  publisher={ACM}
}

@inproceedings{park2010linux,
  title={Linux kernel support to exploit phase change memory},
  author={Park, Youngwoo and Park, Sung Kyu and Park, Kyu Ho},
  booktitle={Linux Symposium},
  volume={2010},
  pages={217--224},
  year={2010},
  organization={Citeseer}
}

@misc{miconddr4,
  author = {Micron},
  title = {{4Gb: x4, x8, x16 DDR4 SDRAM Datasheet}},
  howpublished = "https://www.micron.com/~/media/documents/products/data-sheet/dram/ddr4/4gb_ddr4_sdram.pdf/}"
}

@inproceedings{kaseridis2011minimalist,
  title={Minimalist open-page: A DRAM page-mode scheduling policy for the many-core era},
  author={Kaseridis, Dimitris and Stuecheli, Jeffrey and John, Lizy Kurian},
  booktitle={Proceedings of the 44th Annual IEEE/ACM International Symposium on Microarchitecture},
  pages={24--35},
  year={2011},
  organization={ACM}
}

@article{jaleel2010memory,
  title={Memory characterization of workloads using instrumentation-driven simulation},
  author={Jaleel, Aamer},
  journal={Web Copy: http://www. glue. umd. edu/ajaleel/workload},
  year={2010}
}

@inproceedings{bienia2008parsec,
  title={The PARSEC benchmark suite: Characterization and architectural implications},
  author={Bienia, Christian and Kumar, Sanjeev and Singh, Jaswinder Pal and Li, Kai},
  booktitle={Proceedings of the 17th international conference on Parallel architectures and compilation techniques},
  pages={72--81},
  year={2008},
  organization={ACM}
}

@inproceedings{woo1995splash,
  title={The SPLASH-2 programs: Characterization and methodological considerations},
  author={Woo, Steven Cameron and Ohara, Moriyoshi and Torrie, Evan and Singh, Jaswinder Pal and Gupta, Anoop},
  booktitle={ACM SIGARCH computer architecture news},
  volume={23},
  number={2},
  pages={24--36},
  year={1995},
  organization={ACM}
}